2101 3089
135 285 199 331 hil
220 293 298 340 otii
319 290 555 351 puerilibus
581 290 693 335 euris
721 305 772 335 ex
797 289 974 337 libidine
1004 292 1276 350 impendere?
1304 252 1696 352 erumpentemz’zai

140 356 245 396 turae
271 356 500 408 impetum,
528 351 765 406 surgentem
801 353 926 394 animi
964 366 1124 395 motum
1163 354 1390 405 cohibere,
1416 355 1554 395 omnia
1579 355 1697 395 deni-

141 426 227 467 que
252 413 301 453 ad
319 423 467 453 nutum
487 408 603 465 justi,
620 409 910 464 moderatique
927 410 1178 453 institutoris
1195 412 1373 467 exigere.
1391 413 1491 454 I-laec
1518 425 1694 460 morum,

141 472 239 513 vitae
254 483 326 523 {ue
351 468 540 508 dot-”trina
565 467 638 507 ubi
666 466 915 515 versatilem,
938 469 975 509 δ(
1001 469 1043 509 in
1073 482 1293 525 utramque
1321 483 1504 523 partem,
1532 470 1618 512 sive
1643 468 1699 510 ad

143 527 316 575 vitium,
342 524 428 567 five
453 524 508 565 ad
534 524 752 573 virtutem,
780 536 962 577 paratam
990 525 1193 568 imbuerit
1220 528 1544 582 expeditamque
1573 526 1698 567 Ado-

144 583 389 625 lescentium
414 581 617 631 indolem,
649 593 713 623 tot
738 580 946 635 tantisque
969 582 1086 637 jastis
1104 584 1348 634 honestatis,
1366 583 1698 637 innocentiaeque

146 640 388 688 seminibus,
413 651 538 693 quam
564 651 647 679 non
673 637 749 678 fibi
778 638 1028 680 summorum
1053 642 1244 682 virorum
1261 641 1456 696 segetem,
1473 640 1697 683 confirma-

148 711 192 741 ta
205 699 290 751 jam
310 707 441 745 aetate,
457 695 709 750 Respublica
722 695 988 750 polliceatur?
1005 696 1234 739 Plurimum
1263 699 1391 754 igitur
1407 696 1700 754 Augustiffimo

149 753 376 798 CAESARI
409 752 635 794 debeamus
664 753 821 795 necesse
843 752 930 802 est,
959 754 1079 805 cujus
1107 756 1385 805 aust-oritate,
1415 768 1541 810 atque
1570 755 1701 809 gratia

149 811 384 868 Religioni,
411 824 458 854 ac
482 810 606 853 bonis
634 810 810 852 Artibus
839 809 1018 864 positum
1046 810 1101 852 est
1119 812 1415 862 Domicilium3
1432 826 1516 852 non
1542 811 1703 852 fluxum

153 870 266 911 illud
291 868 462 923 quidem
479 897 493 918 ,
513 881 648 923 neque
683 866 934 917 ambitiose,
961 879 1033 909 aut
1061 871 1212 910 temere
1247 872 1420 923 repente
1454 868 1704 917 conflatum,

152 927 224 971 sed
248 925 441 975 firmum,
465 940 513 968 ac
538 925 698 975 stabile,
724 924 776 966 ad
802 922 1045 967 saeculorum
1071 926 1247 980 gloriam
1275 926 1578 980 sempiternam,
1607 938 1705 967 cum

155 983 296 1034 censu,
322 981 648 1037 ampliffimoque
672 981 901 1032 Conclavi,
929 982 1080 1023 summa
1096 983 1299 1037 Principis
1317 985 1539 1025 voluntate
1554 982 1708 1025 funda·-

155 1054 264 1090 tum,
289 1041 631 1094 collocatumque
645 1038 834 1080 Panormi
849 1037 1086 1093 ampliffima
1102 1040 1144 1081 in
1161 1041 1371 1091 Civitate,
1388 1044 1473 1096 quo
1490 1054 1706 1096 tamquam

153 1099 199 1139 in
226 1097 358 1153 Regni
384 1098 557 1150 Caput,
582 1098 618 1138 &
651 1096 799 1141 Siculae
825 1097 1080 1138 Nobilitatis
1125 1099 1371 1152 praecipuam
1407 1099 1543 1141 veluti
1572 1099 1709 1139 sedem

157 1155 296 1196 omnia
320 1154 595 1203 confluerent,
621 1166 712 1208 quae
736 1153 789 1197 ad
814 1154 929 1197 reetae
951 1154 1229 1198 institutionis
1245 1155 1422 1211 effigiem
1445 1155 1628 1210 praefidia
1644 1154 1710 1204 fat-¹

159 1213 296 1262 ciunt,
322 1214 358 1254 &
382 1211 633 1267 adjumenta.
908 1254 911 1255 ⁷

273 1270 437 1312 Mirum
461 1269 533 1319 est,
558 1268 806 1317 Auditores,
832 1268 957 1323 quam
983 1269 1193 1324 exquifito
1218 1270 1357 1312 studio
1384 1272 1607 1313 Saturnum
1636 1270 1712 1311 Pa·-

159 1342 263 1372 trem
290 1326 466 1368 Romani
488 1326 712 1369 coluerint.
727 1328 908 1367 Saturno
934 1328 1060 1376 enim,
1077 1341 1285 1382 tamquam
1303 1329 1491 1368 Deorum
1515 1327 1713 1370 vetustis-

159 1387 280 1435 fimo,
304 1386 341 1426 &
368 1386 456 1425 Arae
483 1381 618 1437 paffim
644 1384 892 1436 constitutae,
918 1386 953 1425 ὅ(
978 1385 1170 1425 dedicata
1200 1384 1404 1433 Delubra,
1432 1387 1468 1425 &
1497 1384 1713 1426 consecra-

161 1456 232 1485 tus
263 1440 519 1490 December,
546 1441 620 1495 qui
645 1442 759 1494 apud
791 1440 962 1483 Latinos
992 1439 1234 1494 Religiosus
1268 1440 1436 1481 habitus
1467 1442 1523 1480 est
1550 1455 1565 1489 3
1592 1439 1714 1494 cujus

162 1500 309 1541 mensis
336 1497 487 1539 diebus
513 1499 694 1552 aliquot,
719 1499 1019 1544 &saturnales
1047 1495 1171 1546 feriae,
1200 1497 1378 1550 ludique
1405 1496 1575 1537 solemni
1592 1507 1719 1547 caere-„¹

162 1557 304 1598 monia
330 1555 596 1604 haberentur,
614 1555 710 1610 jura
734 1555 915 1603 silerent,
939 1566 1108 1594 munera
1134 1555 1157 1594 a
1185 1554 1417 1595 neceffariis
1440 1554 1554 1594 ultro
1581 1554 1714 1595 citro-

165 1628 250 1669 que
274 1614 553 1662 mitterentur3
580 1615 615 1654 δ(
640 1611 799 1657 bellum
824 1612 1117 1665 pronunciare,
1133 1606 1254 1651 ferire
1277 1608 1429 1658 foedus,
1444 1612 1497 1651 ad
1517 1623 1626 1651 arma
1641 1610 1718 1659 ire,

165 1670 408 1714 sententiam
430 1670 587 1717 dicere,
615 1671 811 1709 Senatum
835 1680 1001 1723 cogere,
1017 1665 1265 1720 supplicium
1282 1668 1457 1716 sumere,
1473 1666 1584 1709 nefas
1600 1667 1717 1708 effeta

164 1728 283 1783 quod
310 1727 448 1766 Deum
474 1737 681 1778 tamquam
707 1724 873 1775 imperii
900 1723 1150 1772 Custodem,
1176 1736 1303 1779 atque
1330 1725 1542 1766 parentem
1566 1726 1624 1766 ita
1639 1737 1718 1767 ve-

164 1785 395 1832 rebantur,
419 1794 467 1821 ut
490 1784 526 1825 &
553 1782 593 1821 in
616 1780 704 1834 ejus
730 1782 912 1834 Templo
937 1781 1109 1834 publica
1136 1782 1314 1834 pecunia
1341 1781 1653 1835 deponeretur,
1679 1781 1717 1822 &

166 1839 526 1883 humanavifitima
536 1839 573 1880 ei
588 1837 812 1887 Numini,a
824 1852 913 1892 quo
923 1839 1050 1880 effent
1064 1837 1142 1878 filii
1157 1838 1507 1892 interempti,ante
1518 1839 1719 1879 Herculis

168 1899 213 1940 in
237 1897 397 1939 Italiam
423 1896 653 1938 adventum
680 1895 886 1935 litaretur.
913 1897 995 1937 Sed
1009 1909 1137 1951 quare
1164 1894 1316 1936 fastum
1345 1895 1606 1944 sit,uttanto
1624 1892 1718 1935 fue-

168 1955 280 1997 ritin
305 1954 466 2052 honffie
489 1952 602 2006 apud
617 1952 743 1995 Italiae
769 1951 956 2006 Populos
982 1951 1274 1997 vetustissunus
1303 1953 1511 2004 Deorum,
1535 1952 1722 1995 meminit

169 2013 361 2054 Divinus
443 2022 530 2051 aro.
1248 2016 1255 2019 “

172 2069 332 2112 Primus
354 2067 404 2110 ab
423 2068 588 2108 aethereo
614 2065 724 2108 venit
751 2066 952 2108 Saturnus
979 2069 1167 2124 Olympo,

175 2128 309 2169 Arma
336 2122 450 2181 ‘Jovis
463 2123 645 2180 fugiens,
674 2122 715 2173 θ’
741 2122 886 2179 Regnis
911 2125 1008 2166 exul
1031 2125 1242 2181 ademptis:

173 2184 214 2227 Is
231 2197 359 2240 genus
382 2182 566 2232 indocile,
599 2180 640 2232 ἆξῖ
665 2179 882 2235 dispersum
905 2182 1105 2224 montibus
1130 2183 1230 2226 altis

179 2239 429 2296 Compofitit,
450 2239 628 2294 legesque
652 2238 778 2287 dedit,
802 2237 1038 2296 Latiumque
1066 2241 1198 2282 vocari

177 2299 360 2348 Maluit,
381 2298 442 2339 his
466 2297 652 2352 quoniam
673 2294 849 2352 latufflct
872 2306 982 2340 tutus
1005 2298 1052 2339 in
1080 2298 1173 2340 oris.

293 2358 498 2397 Saturnus
523 2354 632 2398 enim
653 2354 705 2396 ab
717 2362 837 2410 Jove
863 2353 953 2400 filio
982 2357 1114 2397 Creta
1141 2356 1313 2410 ejestus,
1333 2367 1466 2410 quum
1491 2369 1542 2398 ex
1558 2354 1654 2411 fuga
1678 2354 1723 2398 in'

177 2413 339 2456 Italiam
364 2412 402 2454 se
427 2412 668 2466 recepisset,
694 2413 838 2467 ibique
854 2411 1041 2456 homines
1063 2428 1110 2455 ea
1136 2413 1372 2467 tempestate
1398 2413 1629 2465 sylvestres,
1656 2413 1724 2452 in-

177 2471 304 2515 certis
331 2469 496 2512 sedibus
528 2482 737 2521 errantes,
764 2470 1029 2524 palantesque
1053 2471 1314 2524 comperiflet
1337 2500 1351 2521 ,
1377 2471 1452 2525 qui
1487 2470 1724 2512 belluarum

177 2541 294 2570 more
320 2528 440 2570 cultu
475 2528 624 2577 nullo,
645 2541 690 2569 ac
718 2530 808 2582 lege
836 2528 1058 2577 viverent,
1085 2528 1155 2568 sed
1181 2528 1353 2582 filiqua,
1381 2543 1427 2570 ac
1454 2528 1557 2570 laf‘ce
1589 2527 1724 2572 vitam.

179 2587 225 2628 in
251 2584 379 2637 sylvis
404 2585 646 2634 tolerarent3
672 2585 826 2638 primus
854 2584 1056 2628 Italorum
1082 2586 1208 2628 Genti
1235 2587 1380 2627 aue’tor
1410 2583 1506 2634 fuit,
1525 2597 1571 2626 ut
1599 2595 1723 2638 agros

182 2645 385 2690 colerent,
411 2640 550 2696 fruges
573 2643 745 2693 alerent,
767 2656 967 2684 annonam
984 2643 1228 2692 conderent,
1243 2643 1461 2684 humanam
1485 2652 1728 2696 paterentur

184 2702 443 2748 societatem,
469 2699 674 2740 moenibus
699 2714 745 2742 ac
768 2701 898 2753 portis
925 2701 1125 2742 concludi
1151 2700 1326 2742 sinerent
1343 2730 1357 2749 ,
1383 2702 1496 2754 leges
1521 2697 1722 2740 admitte-

185 2770 276 2803 rent
299 2786 313 2808 ,
340 2756 510 2801 urbanis
535 2755 725 2801 moribus
752 2770 998 2809 uterentur,
1025 2758 1156 2803 literis
1186 2759 1333 2800 darent
1368 2769 1534 2812 operam
1559 2785 1573 2805 ,
1599 2757 1725 2797 unius

1553 2813 1675 2855 deni-
