2101 3089
442 258 464 300 3
476 257 574 343 ²Hae
603 297 806 353 profeftb,
833 313 922 354 quse
938 297 979 338 in
994 296 1198 352 plurimos
1212 296 1395 352 dispersae
1411 298 1570 347 Duces,
1587 294 1790 352 plurimos
1805 295 1932 341 etiam

382 360 563 400 summos
577 358 846 412 Imperatores
861 356 1149 399 commendare
1162 356 1453 409 potuiffent,in
1467 357 1532 398 Te
1548 369 1634 396 uno
1649 357 1846 406 collefitae,
1858 370 1933 399 cu-

384 417 635 469 mulataeque
648 413 829 457 vissoriae
841 415 892 454 eo
905 415 987 461 Te,
998 412 1085 467 quo
1100 412 1312 467 Majotum
1326 414 1520 454 Tuorum
1535 414 1704 457 evekftus
1720 414 1776 454 est
1791 427 1931 463 nemo,

378 470 624 529 jampridem
662 472 930 512 extulerunt.
956 469 1065 525 Qis
1092 470 1199 510 enim
1225 468 1523 523 potentiffimos
1549 468 1682 524 Reges
1709 471 1825 511 bello
1850 469 1932 512 fre-

382 531 460 584 git,
485 528 798 584 pugnacislimos
825 528 1011 581 Populos
1039 525 1115 568 fibi
1135 540 1258 569 armis
1284 526 1818 581 conciliavit,peritiffimos
1834 529 1933 570 Du·

379 601 446 629 ces
468 588 556 629 acie
583 586 704 636 vicit,
734 599 799 628 tot
814 583 1136 639 opulentiffimas
1153 584 1308 634 Urbes,
1323 584 1642 626 bellicofiffimas
1666 585 1928 635 Provincias,

380 643 612 698 ampliffima
650 643 821 699 Regna,
848 657 931 684 non
964 643 1139 683 maritali
1173 642 1484 684 connubiorum
1521 641 1704 692 foedere,
1732 655 1803 682 aut
1831 643 1929 696 jure

380 703 597 743 dumtaxat
613 701 806 751 Generis,
832 699 900 741 sed
927 699 1181 755 impreffione
1202 712 1329 754 atque
1356 701 1417 750 vi,
1443 698 1536 750 fibi,
1562 700 1694 755 quum
1722 705 1744 741 a
1768 702 1831 740 Te
1859 701 1928 740 di-

377 760 649 809 scefferimus,
676 757 907 813 poffeffione
933 756 1201 800 vindicavit?
1229 758 1381 798 Verum
1408 757 1555 798 illustri
1593 757 1691 799 huic
1717 759 1847 806 Tum,
1872 759 1927 799 de

376 831 460 871 qua
490 816 713 858 sermonem
732 816 1001 864 instituimus,
1016 828 1111 870 erga
1125 815 1292 856 Siculos
1311 816 1544 857 voluntatis
1560 815 1811 864 testimonio,
1829 816 1924 854 nul-

376 876 458 915 lam
486 888 568 928 ego
594 874 830 923 vistoriam,
851 873 1108 927 triumphum
1136 873 1299 913 nullum
1325 885 1561 926 antepono.
1589 871 1804 926 Qoniam
1832 887 1923 925 quae

375 932 481 981 acie,
504 930 539 973 &
565 932 704 974 castris
727 943 841 986 parta
868 930 978 980 sunt,
991 943 1038 971 ea
1062 929 1258 973 videmus
1282 930 1323 970 in
1350 927 1525 972 fortunae
1541 929 1741 984 potestate
1769 929 1918 982 posita,

374 991 410 1030 ὅ(
430 989 650 1031 contrariis
681 987 906 1031 eventibus
931 990 1166 1043 plerunque
1198 987 1408 1029 obnoxia.
1432 988 1519 1041 Ipsa
1547 1000 1685 1033 autem
1722 986 1921 1038 vicloria,

375 1046 474 1088 ideo
498 1048 582 1088 alas
611 1046 763 1089 habere
784 1045 957 1096 dicitur,
981 1047 1100 1100 quod
1125 1059 1177 1087 ex
1203 1060 1284 1086 una
1305 1047 1347 1085 in
1371 1046 1491 1087 aliam
1519 1048 1647 1091 aciem
1671 1046 1823 1086 temere
1838 1058 1920 1086 vo-

372 1104 458 1146 lare
487 1103 758 1158 perhibetur,
786 1105 821 1145 ὃ(
846 1103 963 1158 quod
979 1104 1094 1145 ultro
1118 1104 1371 1151 contulerat,
1393 1104 1548 1157 absque
1574 1101 1751 1146 consilio
1777 1114 1920 1143 extor-

370 1173 524 1215 queat.
550 1160 683 1217 Qod
714 1161 742 1202 fi
770 1161 1036 1203 constantiam
1063 1172 1207 1214 praeter
1239 1173 1395 1201 morem
1430 1160 1644 1210 induerit,
1671 1172 1804 1213 quota
1830 1158 1919 1212 ejus

367 1233 461 1272 pars
478 1220 531 1259 ad
564 1220 859 1273 Imperatorem
875 1219 1128 1273 pervenerit,
1143 1230 1287 1272 praeter
1307 1217 1562 1259 ambitiosam
1577 1217 1919 1272 gratulationem?

367 1276 465 1317 Eam
492 1275 567 1318 fibi
598 1277 733 1326 miles,
763 1276 838 1331 qui
865 1275 1030 1319 fortiter
1054 1276 1095 1316 in
1119 1276 1205 1317 acie
1231 1275 1399 1325 cecidit,
1427 1289 1514 1316 eam
1530 1277 1604 1329 qui
1629 1274 1915 1322 laucius,cam

365 1334 440 1387 qui
469 1333 692 1375 incolumis
722 1333 863 1387 praelio
890 1333 1049 1384 evasit,
1075 1347 1161 1375 eam
1183 1332 1258 1373 sibi
1293 1333 1459 1383 Duces,
1485 1346 1573 1373 eam
1599 1330 1672 1375 fibi
1704 1331 1915 1373 sociorum

365 1390 522 1431 auxilia
548 1419 563 1440 ,
587 1405 673 1432 eam
702 1389 998 1430 foederatorum
1037 1391 1167 1444 copiae
1190 1390 1265 1431 fibi
1290 1390 1531 1431 adscribunt
1556 1404 1570 1438 ς
1599 1401 1915 1443 extenuantque

361 1447 630 1499 Imperatoris
670 1446 816 1491 summi
842 1446 1073 1503 virtutem,
1097 1459 1224 1502 atque
1251 1446 1460 1494 scientiam
1496 1446 1692 1488 societate
1733 1447 1910 1495 laboris,

359 1514 491 1558 atque
522 1502 710 1546 fortunae.
1159 1505 1161 1509 ’

441 1579 443 1581 ·
470 1559 602 1615 de
626 1560 731 1603 vero
757 1571 939 1614 togatam
965 1559 1088 1602 etiam
1113 1561 1381 1615 Sapientiam,
1405 1576 1489 1603 non
1505 1560 1746 1616 paludatam
1761 1561 1907 1610 modo,

359 1615 620 1671 Reipublicae
646 1616 892 1671 probaveris
917 1618 1121 1666 Tuam3&
1143 1633 1226 1660 non
1249 1620 1420 1662 salutem
1442 1621 1660 1662 dumtaxat
1683 1618 1911 1674 publicam,

354 1672 424 1715 sed
451 1672 712 1724 felicitatem,
736 1674 920 1728 itemque
940 1674 1117 1728 gloriam
1142 1677 1292 1719 Siculae
1318 1677 1556 1719 nobilitatis
1583 1690 1653 1727 eo,
1679 1691 1768 1730 quo
1794 1676 1909 1716 dixi-

351 1731 691 1782 mus,-beneficio
705 1731 950 1786 praestiterisx
966 1731 1074 1772 illud
1099 1735 1204 1774 vero
1216 1734 1361 1772 Tuum
1387 1743 1525 1773 totum
1550 1732 1622 1780 est3
1648 1732 1701 1772 de
1727 1747 1815 1785 quo
1838 1746 1909 1773 ne-

352 1802 437 1843 que
465 1788 650 1840 fortuna,
674 1802 810 1844 neque
842 1787 1086 1844 cujusquam
1113 1789 1178 1832 vis
1206 1788 1461 1844 quicquam,
1488 1800 1561 1830 aut
1586 1789 1807 1830 confilium
1832 1790 1910 1829 de-

350 1846 499 1899 cerpit:
527 1848 641 1888 Illud
669 1859 805 1901 neque
830 1845 1101 1888 humanarum
1127 1859 1264 1888 rerum
1289 1845 1398 1887 fluxa
1424 1846 1642 1896 conditio,
1671 1858 1744 1887 aut
1770 1848 1910 1887 Saecu-

349 1902 490 1943 lorum
519 1903 668 1957 injuria
693 1931 708 1945 .
734 1916 806 1945 aut
832 1905 948 1945 ullus
983 1904 1213 1958 aliquando
1238 1901 1413 1946 fortuna:
1441 1904 1620 1958 impetus
1660 1901 1909 1944 labefanaoe

350 1960 526 2012 poterit3
551 1961 619 2002 sed
643 1961 827 2010 firmum,
842 1975 888 2002 ac
915 1961 1095 2002 solidum
1123 1974 1218 2003 cum
1249 1962 1476 2003 aeternitate
1509 1961 1688 2004 certabit
1703 1962 1908 2001 Nominis

349 2017 452 2070 Tui·
465 2017 566 2074 Qo
591 2031 726 2060 tamen
741 2017 999 2071 Reipublicae
1023 2019 1309 2060 emolumento
1334 2032 1419 2074 atq3
1436 2018 1572 2061 stu-stu
1599 2020 1745 2060 Tuum
1772 2020 1825 2059 de
1841 2019 1907 2059 Si-

349 2074 457 2115 culis
484 2075 777 2118 benemerendi
804 2075 1081 2118 studium‘sese
1095 2075 1214 2117 nobis
1230 2075 1451 2128 obtulerit,
1468 2078 1574 2126 dies,
1597 2077 1686 2118 dies
1716 2076 1799 2130 ipla
1827 2077 1905 2116 de-

350 2131 539 2179 clarabit.
565 2134 647 2175 Sed
674 2133 778 2189 quid
795 2131 1033 2187 egofuturi
1056 2133 1254 2187 temporis
1278 2133 1403 2176 fidem
1427 2135 1611 2189 appello,
1631 2134 1704 2189 qui
1732 2130 1903 2186 praesen-

349 2189 403 2229 tis
433 2190 710 2240 testimonium
737 2190 921 2244 proferre
950 2191 1129 2244 possum?
1157 2190 1242 2232 Vos
1269 2192 1456 2246 quidem,
1481 2204 1563 2234 vos
1589 2194 1665 2246 qui
1692 2191 1793 2231 mihi
1822 2192 1901 2231 ad-

345 2245 635 2299 estis,vCives,
657 2248 685 2289 s1
708 2248 812 2303 quid
837 2248 1072 2303 conjestura
1097 2247 1265 2302 potestis
1291 2246 1506 2304 consequi,
1528 2263 1608 2291 vos
1637 2264 1687 2291 ex
1714 2247 1795 2301 ipsa
1824 2261 1902 2288 no·

344 2302 428 2345 strae
453 2306 751 2350 Convistionis
778 2304 967 2355 infantia,
993 2304 1230 2360 primisque,
1246 2319 1292 2348 ut
1319 2307 1376 2348 ita
1399 2307 1551 2357 dicam,
1579 2305 1801 2348 seminibus
1831 2319 1899 2347 re-

341 2360 451 2414 liqui
476 2363 674 2417 temporis
703 2364 900 2417 segetem,
926 2365 961 2404 &
985 2375 1151 2404 matura:
1178 2365 1305 2405 aetatis
1333 2365 1494 2406 meffem
1523 2364 1731 2420 estimat&
1761 2363 1900 2403 Audi-

339 2415 410 2456 stis
437 2419 730 2473 profeszffijam‚
747 2420 946 2475 spefiastis
963 2420 1100 2470 etiam,
1116 2422 1233 2475 quod
1250 2421 1408 2463 bimum
1423 2422 1502 2464 hoc
1516 2421 1762 2477 Collegium
1779 2421 1896 2474 opti-

337 2486 499 2516 marum
525 2477 692 2519 Artium
720 2478 921 2531 specimen
948 2490 1104 2527 coram,
1131 2480 1167 2518 ἃ
1194 2479 1324 2532 palam
1353 2480 1530 2523 dederit.
1559 2481 1665 2521 Non
1693 2478 1814 2519 semel
1839 2479 1894 2518 ad

337 2530 445 2574 hanc
468 2531 596 2584 diem,
612 2534 717 2588 quid
743 2535 961 2592 discipline
985 2534 1106 2590 hujus
1132 2537 1307 2576 Alumni
1334 2536 1518 2591 ingenio,
1545 2551 1591 2578 ac
1621 2536 1783 2578 virtute
1809 2548 1889 2589 po·

336 2586 444 2639 ffint,
468 2589 640 2643 publice
668 2605 943 2645 compertum,
970 2595 1323 2648 exploratumque
1350 2595 1419 2634 est.
1449 2592 1568 2648 Qid
1597 2594 1637 2633 in
1665 2592 1888 2634 humanio-

334 2657 429 2686 rum
458 2647 669 2690 literarum
695 2647 958 2700 assecutione,
984 2651 1087 2704 quid
1114 2651 1155 2689 in
1183 2650 1421 2693 Matbeseos
1445 2652 1676 2701 elementis,
1704 2651 1809 2704 quid
1841 2651 1883 2690 in

335 2700 610 2761 peripatetice
639 2706 897 2748 velitationis
923 2721 1071 2757 arena,
1097 2707 1203 2762 quid
1230 2709 1271 2749 in
1306 2709 1555 2750 concinendi
1582 2722 1654 2763 per
1685 2707 1886 2750 modulos

334 2759 531 2814 artificiO,
557 2764 662 2818 quid
687 2763 729 2804 in
755 2763 1024 2820 singularium
1049 2765 1318 2812 certaminum
1341 2767 1491 2820 gloria,
1521 2766 1626 2826 quid
1653 2765 1694 2806 in
1723 2763 1881 2863 sssffic?

1706 2835 1749 2864 aa
1772 2834 1835 2862 10·-
