2101 3089
121 279 208 323 sent
232 275 572 324 accommodatar
602 276 664 316 De·
692 274 839 318 nostris
863 277 960 319 item
989 278 1334 331 Institutoribus,
1361 283 1518 338 quippe
1542 242 1671 328 d3e'ea

122 339 331 382 societate
346 339 491 385 elsent,
519 337 638 388 cujus
669 336 710 374 in
740 335 1075 389 Rempublicam,
1091 338 1441 395 Religionemque
1457 343 1601 385 merita
1616 344 1669 386 sa.

122 397 179 436 tis
204 398 371 438 haberet
400 397 632 448 explorata,
662 391 735 432 sibi
762 406 846 433 non
874 388 956 434 sine
984 396 1108 436 laude
1137 397 1391 450 perspectum
1407 399 1671 455 ess'e.Qan-

127 454 159 493 ti
188 456 353 496 demum
378 452 432 492 est
460 466 505 493 ea
533 452 734 492 clausula:
749 452 791 490 Si
816 452 890 505 qui
921 453 1042 493 nobis
1070 453 1319 496 maleficium
1342 454 1571 508 inferrent,
1597 471 1674 513 pe-

126 511 264 554 riculo
291 511 365 552 suo
393 511 429 550 se
456 508 655 557 fastucos3
680 521 814 562 neque
841 509 1010 562 impune
1038 511 1218 555 laturos,
1242 514 1316 567 qui
1344 513 1672 557 contubernium

127 569 210 610 hoc
237 571 419 608 nostrum
444 578 751 621 oppugnarent3
778 565 847 605 sed
872 566 1073 620 Principis
1097 567 1411 620 benevolentia,
1432 584 1559 627 atque
1583 585 1677 628 gm-

126 629 185 667 tia
212 627 433 667 destitutos
461 625 615 679 ingenti
645 624 694 664 ad
710 623 924 663 minimum
940 625 1116 678 pecunia
1141 627 1402 668 mulftandos
1425 627 1462 670 se
1485 630 1585 680 effe,
1610 630 1676 672 in·

134 687 368 738 (elligerent
398 686 406 723 !
433 681 572 737 Qam
599 694 679 735 ego
715 680 883 722 civilem
909 708 923 730 ,
948 695 995 723 ac
1022 684 1141 735 poene
1165 685 1379 726 Caelestem
1415 687 1677 740 sapientiam,

131 740 385 798 quibuslibet
401 770 415 792 ,
441 754 489 780 ut
515 739 730 788 maximis,
754 737 916 779 bellicis
943 740 1141 780 laudibus
1164 740 1354 796 postponi
1370 771 1386 792 ,
1402 744 1566 795 censeo,
1592 758 1679 785 non

134 813 345 854 oportere.

250 856 427 897 Illustria
453 855 563 903 sunt,
588 853 809 904 CAESAR,
833 855 870 895 &
893 854 1159 909 pervulgata,
1183 870 1309 912 atque
1324 858 1376 900 ad
1403 859 1573 902 Parrum
1599 873 1681 901 no·

134 915 572 961 strorummemoriam
602 911 803 961 inaudita,
817 925 908 966 quae
933 912 984 952 de
1000 913 1083 962 Te,
1095 913 1286 970 Tuisque
1313 915 1435 957 rebus
1451 917 1571 972 gestis
1596 930 1687 958 am-

135 971 335 1027 pliffimis,
360 972 411 1012 ad
432 970 605 1010 historice
631 968 760 1009 fidem
783 967 890 1010 fama
910 970 1160 1023 depraedicat
1175 1001 1186 1012 .
1214 973 1472 1015 Adolescens
1495 975 1617 1024 enim,
1632 988 1681 1017 ac

139 1034 257 1085 poeue
285 1042 405 1084 puer,
429 1028 608 1068 Oceano
632 1025 812 1075 emenso,
835 1027 889 1067 ad
914 1028 1071 1069 avitam
1087 1029 1307 1072 Austriacae
1322 1032 1495 1074 Familiae
1511 1032 1685 1074 haeredi-

137 1100 262 1130 tatem
291 1088 406 1126 bello
433 1084 685 1124 afferendam
713 1084 755 1123 in
783 1083 1024 1138 Hispaniam
1051 1100 1148 1128 cum
1171 1089 1360 1130 exercitu
1389 1088 1616 1142 profestuS,
1647 1091 1686 1131 &

137 1145 366 1186 Barcinone
388 1143 605 1183 deditione
631 1142 939 1194 recepta,terra
961 1143 1037 1192 ibi,
1052 1145 1237 1199 marique
1262 1147 1385 1202 longa
1399 1146 1686 1202 oppugnatio-

140 1217 191 1243 ne
218 1201 467 1243 interclusus
485 1229 500 1250 ,
528 1200 659 1253 quum
686 1200 913 1254 desperatis
939 1205 1071 1254 prope
1109 1203 1238 1244 rebus
1262 1204 1303 1243 in
1328 1217 1518 1246 extremo
1542 1203 1685 1246 salutis

140 1261 333 1315 periculo
361 1258 596 1305 versarere,
624 1254 927 1302 foederatorum
955 1259 1137 1314 denique
1164 1263 1345 1314 receptis
1369 1262 1566 1311 auxiliis,
1593 1261 1690 1303 infi-

140 1319 209 1373 gui
235 1317 483 1367 eruptione,
508 1314 645 1369 ejectis
673 1313 853 1369 fusisque
889 1316 1105 1366 hostibus,
1130 1318 1437 1372 impedimentis
1464 1319 1689 1373 castrisque

141 1376 306 1430 potitus
331 1388 388 1415 es.
416 1374 639 1413 Victoriam
665 1375 829 1426 excepit
856 1375 1133 1424 Catalauniae,
1146 1376 1361 1424 Valentiae,
1382 1390 1427 1418 ac
1457 1376 1689 1417 Balentium

143 1434 374 1475 lnsularum
400 1431 575 1470 deditio.
603 1429 784 1470 Primum
811 1434 890 1472 hoc
916 1432 1091 1472 virtutis
1117 1434 1239 1480 Tuae,
1263 1432 1536 1485 militarisque
1563 1432 1693 1473 scien-

146 1492 210 1532 tiae
226 1489 479 1542 tyrocinium
498 1499 693 1540 perpetua
709 1488 944 1541 praeliorum
961 1487 1134 1529 felicitas
1150 1488 1205 1529 est
1226 1488 1464 1531 consecuta:
1492 1491 1604 1529 Nam
1618 1488 1695 1530 de-

146 1549 243 1589 letis
269 1559 436 1595 iterum,
458 1547 522 1586 Te
540 1547 665 1594 duce,
681 1558 807 1599 atque
822 1545 1024 1592 Anam-e„
1037 1545 1124 1585 aeie
1136 1544 1495 1599 Gaesaraugustana
1510 1546 1694 1586 hostium

145 1605 280 1659 copiis
297 1633 311 1653 ,
337 1605 484 1644 eodem
510 1603 634 1644 cursu
659 1602 843 1644 vistoriae
864 1631 880 1651 ,
905 1601 1112 1654 Aragonia
1128 1601 1180 1642 in
1213 1600 1473 1643 deditionem
1506 1609 1692 1658 accepta,

146 1664 369 1704 Mantuam
397 1663 751 1712 Carpetanorum,
771 1660 890 1713 quod
917 1658 1375 1714 oppidum,utriusque
1402 1659 1603 1716 Hispanie
1627 1674 1695 1703 ca-

145 1733 222 1776 put
250 1719 444 1764 habetur,
471 1717 662 1754 maximis
688 1715 1074 1757 itineribus-vietor
1099 1716 1304 1770 ingressus.
1326 1730 1388 1758 es:
1414 1716 1559 1771 ibique
1574 1729 1696 1759 utro-

144 1791 230 1832 que
248 1776 343 1830 jure
366 1775 401 1814 &
424 1772 544 1820 belli,
569 1774 605 1813 &
632 1772 856 1825 sanguinis,
886 1772 1179 1825 Hispaniarum
1198 1774 1290 1814 Rex
1317 1775 1489 1815 solemni
1517 1774 1696 1830 inaugu-

147 1834 310 1876 ratione
346 1830 642 1877 renunciatus,
668 1831 929 1872 exercituum
966 1842 1141 1871 tuorum
1177 1832 1355 1873 victoria
1391 1832 1699 1886 usquequaque

148 1890 414 1947 personante,
440 1886 693 1934 insubriam,
719 1887 970 1937 Sardiniam,
993 1889 1214 1931 Mantuam
1239 1889 1290 1930 ad
1320 1888 1546 1938 Mincium,
1573 1891 1696 1931 Nea.-

151 1949 300 2003 polim,
329 1944 535 1998 Belgium,
562 1944 817 1985 Maritimam
844 1944 1045 2000 Hetrurie
1072 1960 1206 1996 oram,
1219 1945 1305 1999 jam
1328 1946 1467 1995 armis,
1484 1946 1571 2000 jam
1595 1960 1698 1989 con-

153 2006 273 2054 silio,
292 2003 377 2058 jam
400 2000 718 2043 conditionibus
740 2015 817 2041 tuo
844 2003 1025 2054 impe-rio
1047 2004 1244 2047 adiecisti.
1268 2003 1508 2046 Occidente·
1531 2015 1697 2057 pacate,

154 2077 267 2104 nova
293 2061 345 2102 ab
369 2059 548 2102 Oriente
573 2059 612 2099 se
636 2059 814 2100 ostendit
840 2062 1068 2109 palmarum
1084 2060 1217 2116 seges.
1239 2062 1378 2102 Semel
1403 2074 1530 2116 atqu-e
1543 2059 1699 2103 iterum

156 2120 330 2161 duobus
352 2118 537 2158 maximis
565 2117 905 2158 Othonianorum
933 2119 1214 2168 exercitibus,
1225 2117 1585 2161 commemorabi-li
1608 2118 1696 2161 cla-

156 2181 230 2228 de,
254 2179 305 2218 ad
332 2189 508 2231 parvum
534 2175 803 2222 Varadinum‚
829 2176 864 2215 &
890 2176 941 2216 ad
969 2177 1127 2218 Savum
1142 2175 1613 2226 Danubioinfluentem,
1629 2190 1699 2231 ceg-

157 2236 208 2277 sis
234 2234 485 2288 fugatisque,
511 2231 839 2273 Themisvariam
860 2234 1055 2287 primum,
1070 2235 1221 2277 Albam
1234 2235 1389 2276 deinde
1401 2234 1701 2290 Grecmmm‘u-

158 2292 345 2333 nitiffirna
368 2291 539 2344 Oppida
554 2320 568 2340 ,
589 2288 849 2343 amplificatis
875 2292 988 2331 omni
1018 2306 1069 2333 ex
1096 2305 1211 2346 parte
1233 2292 1288 2333 ad
1311 2291 1698 2346 Bulgaros,x·va1a-

160 2351 281 2392 chios
296 2379 309 2398 ,
334 2347 502 2391 ssosnios
518 2377 533 2398 ,
559 2349 753 2400 Illyricos
779 2347 942 2402 Imperii
969 2350 1123 2391 finibus
1138 2380 1158 2400 ,
1177 2349 1421 2391 Austriacas
1449 2361 1502 2400 ut
1520 2348 1701 2403 Aquilas

159 2419 430 2462 paterentur,
452 2407 766 2460 oppugnatione
791 2407 958 2461 coegisti
976 2439 986 2449 .
1013 2406 1204 2449 Sardinia
1235 2405 1398 2447 interim
1422 2408 1594 2460 ‘'t->tergo
1616 2405 1698 2446 ho—

159 2466 280 2505 stium
306 2466 425 2506 clafle
449 2461 691 2513 laceffita,&
717 2464 857 2506 Sicilia
884 2464 1001 2506 bello
1021 2478 1194 2514 tentata,
1208 2465 1336 2518 passis
1359 2463 1697 2508 cumiMeheme-

162 2535 211 2563 to
233 2523 467 2563 Turcarum
505 2520 618 2575 Rege
644 2521 855 2571 induciis,
879 2522 1104 2564 conflatum
1140 2522 1197 2569 est:
1221 2523 1384 2563 Bellum
1418 2521 1635 2569 Siculum,
1661 2520 1700 2560 &

165 2579 323 2620 biennii
349 2579 618 2619 dimicatione
645 2579 876 2621 confestum
894 2593 909 2619 t
933 2579 1081 2635 Qum
1108 2580 1216 2622 enim
1250 2579 1466 2622 exercitus
1486 2580 1706 2619 laureatus„

165 2637 345 2689 Odrysia
373 2639 481 2691 letus
508 2635 681 2678 viiStoria
708 2637 790 2679 huc
815 2636 1060 2691 trajeciffet,
1085 2638 1280 2692 arcesque
1315 2634 1599 2678 munitiffimas
1622 2647 1701 2676 ex-

165 2697 396 2748 pugnasset,
423 2707 572 2746 magno
595 2694 781 2735 omnium
806 2697 1002 2735 ordinum
1028 2696 1253 2745 consensu,
1278 2694 1503 2747 supremam
1529 2694 1613 2747 hec,
1630 2691 1702 2732 In-

168 2753 253 2792 sula
279 2753 466 2794 viCtoriis
484 2751 590 2806 Tuis
615 2766 781 2794 manum
806 2752 1069 2806 imponite&
1094 2766 1299 2795 armorum
1327 2748 1498 2806 tuorum
1524 2749 1701 2791 felicita-

171 2823 253 2851 tem
278 2808 491 2854 noviffima
517 2810 720 2864 explevit.
1559 2807 1646 2862 Ης,
